version https://git-lfs.github.com/spec/v1
oid sha256:88ebe656551398d879dda82843ce7df4f4abf382ef81457ea450cb0e7676d723
size 9922
